<?xml version="1.0" encoding="UTF-8"?><collection><record><leader>09432ntm a2201177 a 4500</leader><controlfield tag="001">005989448</controlfield><controlfield tag="003">MiAaHDL</controlfield><controlfield tag="005">20190719000000.0</controlfield><controlfield tag="006">m        d        </controlfield><controlfield tag="007">cr bn ---auaua</controlfield><controlfield tag="008">090407m17041806xx            00| ||ara d</controlfield><datafield tag="035" ind1=" " ind2=" "><subfield code="a">(MiU)005989448</subfield></datafield><datafield tag="035" ind1=" " ind2=" "><subfield code="a">sdr-miu005989448</subfield></datafield><datafield tag="040" ind1=" " ind2=" "><subfield code="a">MiU</subfield><subfield code="c">MiU</subfield><subfield code="e">amremm</subfield></datafield><datafield tag="043" ind1=" " ind2=" "><subfield code="a">n-us-mi</subfield></datafield><datafield tag="100" ind1="1" ind2=" "><subfield code="6">880-01</subfield><subfield code="a">Khādimī, Muḥammad ibn Muṣṭafá,</subfield><subfield code="d">1701 or2-1762 or 3.</subfield></datafield><datafield tag="245" ind1="1" ind2="0"><subfield code="6">880-02</subfield><subfield code="a">[Risālat al-basmalah ... etc.,</subfield><subfield code="f">18th and 19th century].</subfield></datafield><datafield tag="260" ind1=" " ind2=" "><subfield code="c">[1704-1806].</subfield></datafield><datafield tag="300" ind1=" " ind2=" "><subfield code="a">276 leaves :</subfield><subfield code="b">paper ;</subfield><subfield code="c">216 x 140 mm.</subfield></datafield><datafield tag="500" ind1=" " ind2=" "><subfield code="a">Shelfmark: Ann Arbor, University of Michigan, Special Collections Library, Isl. Ms. 56</subfield></datafield><datafield tag="500" ind1=" " ind2=" "><subfield code="a">Origin: As appears in colophon on p.100, Risālat al-basmalah copied by Muḥammad ibn Memish [Muḥammad] ibn al-Ḥājjī Muḥammad ibn Ḥājjī ʻUthmān-zādah (Mehmet Memiş Osmanzade) with transcription ("qad jaffa al-qalam ʻan taswīd hādhihi al-nuskhah al-sharīfah...") completed roughly 21 Ṣafar 1221 [ca. 10 May 1806] (dating by fractions, reads: "في وقت الظهر من يوم السبت من العشر العاشر من العشر الاول من العشر الثالث من السدس الثاني من النصف الاول من العشر الاول من العشر الثاني من المائة الثالث بعد المائتين والالف من هجرة من له العزة والشرف ..."). As appears in colophon on p.246, transcription of al-Jurjānī's Taʻrīfāt completed in Karaman in the year 1116 [1704 or 5]. Paper suggests 18th or early 19th century for bulk of codex.</subfield></datafield><datafield tag="500" ind1=" " ind2=" "><subfield code="a">Accompanying materials: Inserts carrying excerpts, notes, etc. (paginated pp.519-520 and pp.547-548).</subfield></datafield><datafield tag="500" ind1=" " ind2=" "><subfield code="a">Former shelfmark: British Museum, London "No. 101. Treatise on the Bismillah." ; "٦٥٦" on tail of textblock.</subfield></datafield><datafield tag="500" ind1=" " ind2=" "><subfield code="a">Binding: Pasteboards (quite thin, semi-limp covers) in black leather, with spine and edges/turn-ins in red-brown leather ; Type III binding (without flap) ; doublures in brown leather with blind-tooled design ; upper and lower covers bear blind-tooled design in rosettes and s-shapes evoking central mandorla and cornerpieces ; sewn in lime green thread, two stations ; worked chevron endbands in lime green and light yellow, only tailband intact ; overall in fair condition with minor abrasion, some shrinkage, and minor spine slant (slightly cocked).</subfield></datafield><datafield tag="500" ind1=" " ind2=" "><subfield code="a">Support: European laid paper of several types ; one type with 10-11 laid lines per cm. (vertical), chain lines spaced 28 mm. apart (horizontal), and watermarks including three hats and crossbow with 'M A' below ; another type with 11 laid lines per cm. (vertical), chain lines spaced 22-24 mm. apart (horizontal), and watermarks including bull (trippant or statant guardant), man on a horse over ' C B G,' crown over 'G B T,' coat of arms, etc. ; some leaves only lightly burnished if at all.</subfield></datafield><datafield tag="500" ind1=" " ind2=" "><subfield code="a">Decoration: Keywords (often marking sections) and abbreviation symbols rubricated ; some overlining in red ink ; illuminated diagram (namely, dāʼirat ʻAlī ibn Abī Ṭālib) on p.253.</subfield></datafield><datafield tag="500" ind1=" " ind2=" "><subfield code="a">Script: Naskh ; mainly a fine Ottoman hand ; mainly serifless ; effect of tilt to the left ; mainly open counters ; some elongation of horizontal strokes ; pointing in lines rather than distinct dots ; descenders mainly curvilinear ; rightward descenders tapered.</subfield></datafield><datafield tag="500" ind1=" " ind2=" "><subfield code="a">Layout: Written mainly in 21 lines per page ; frame-ruled.</subfield></datafield><datafield tag="500" ind1=" " ind2=" "><subfield code="a">Collation: 27 V(270), III (276) ; almost exclusively quinions ; numerous leaves left blank ; mainly lacks proper catchwords but last word of final line on the verso of each leaf is usually repeated at the beginning of the first line on the following recto ; catchwords present in Taʻrīfāt al-Jurjānī ; pagination in pencil, Western numerals, supplied during digitization (includes inserts, skips two pages each between pp.47-48, pp.103-104, and pp.449-450, and mistakenly repeats pp.86-87 twice).</subfield></datafield><datafield tag="500" ind1=" " ind2=" "><subfield code="a">Title supplied by cataloguer.</subfield></datafield><datafield tag="500" ind1=" " ind2=" "><subfield code="a">Ms. composite codex.</subfield></datafield><datafield tag="505" ind1="0" ind2=" "><subfield code="a">31. p.545-546 : [blank].</subfield></datafield><datafield tag="505" ind1="0" ind2=" "><subfield code="a">30. p.537-p.544 : [excerpts].</subfield></datafield><datafield tag="505" ind1="0" ind2=" "><subfield code="a">29. p.534-p.536 : [blank].</subfield></datafield><datafield tag="505" ind1="0" ind2=" "><subfield code="a">28. p.531-p.533 : [excerpts].</subfield></datafield><datafield tag="505" ind1="0" ind2=" "><subfield code="a">27. p.512-p.530 : [blank].</subfield></datafield><datafield tag="505" ind1="0" ind2=" "><subfield code="a">26. p.510-p.511 : [calculations].</subfield></datafield><datafield tag="505" ind1="0" ind2=" "><subfield code="a">25. p.506-p.509 : [blank].</subfield></datafield><datafield tag="505" ind1="0" ind2=" "><subfield code="a">24. p.501-p.505 : [Sharḥ al-amthilah].</subfield></datafield><datafield tag="505" ind1="0" ind2=" "><subfield code="a">23. p.472-p.500 : [blank].</subfield></datafield><datafield tag="505" ind1="0" ind2=" "><subfield code="a">22. p.467-p.471 : [masāʼil showing assorted divisions of inheritance].</subfield></datafield><datafield tag="505" ind1="0" ind2=" "><subfield code="a">21. p.400-p.466 : [blank].</subfield></datafield><datafield tag="505" ind1="0" ind2=" "><subfield code="a">20. p.391-399 : [contiuation of Sharḥ Ayyuhā al-walad] / Muḥammad ibn Muṣṭafá al-Khādimī.</subfield></datafield><datafield tag="505" ind1="0" ind2=" "><subfield code="a">19. p.390 : [excerpts].</subfield></datafield><datafield tag="505" ind1="0" ind2=" "><subfield code="a">18. p.389 : [blank].</subfield></datafield><datafield tag="505" ind1="0" ind2=" "><subfield code="a">17. p.381-p.388 : [Sharḥ Ayyuhā al-walad] / Muḥammad ibn Muṣṭafá al-Khādimī.</subfield></datafield><datafield tag="505" ind1="0" ind2=" "><subfield code="a">16. p.380 : [blank].</subfield></datafield><datafield tag="505" ind1="0" ind2=" "><subfield code="a">15. p.379 : [excerpts].</subfield></datafield><datafield tag="505" ind1="0" ind2=" "><subfield code="a">14. p.254-p.378 : [blank].</subfield></datafield><datafield tag="505" ind1="0" ind2=" "><subfield code="a">13. p.249-p.253 : [Sharḥ Jannat al-asmāʼ].</subfield></datafield><datafield tag="505" ind1="0" ind2=" "><subfield code="a">12. p.247-p.248 : [Risalat tartīb al-istiʻārah].</subfield></datafield><datafield tag="505" ind1="0" ind2=" "><subfield code="a">11. p.113-246 : [Kitāb al-Taʻrīfāt] / al-Jurjānī.</subfield></datafield><datafield tag="505" ind1="0" ind2=" "><subfield code="a">10. p.111-p.112 : [blank].</subfield></datafield><datafield tag="505" ind1="0" ind2=" "><subfield code="a">9. p.109-p.110 : [Risālah fī bayān muqaddimāt al-ʻulūm].</subfield></datafield><datafield tag="505" ind1="0" ind2=" "><subfield code="a">8. p.101-p.108 : [blank].</subfield></datafield><datafield tag="505" ind1="0" ind2=" "><subfield code="a">7. p.47-p.100 : [Risālat al-basmalah] / Muḥammad ibn Muṣṭafá al-Khādimī.</subfield></datafield><datafield tag="505" ind1="0" ind2=" "><subfield code="a">6. p.46 : [blank].</subfield></datafield><datafield tag="505" ind1="0" ind2=" "><subfield code="a">5. p.45 : [excerpts].</subfield></datafield><datafield tag="505" ind1="0" ind2=" "><subfield code="a">4. p.28-p.44 : [blank].</subfield></datafield><datafield tag="505" ind1="0" ind2=" "><subfield code="a">3. p.21-p.27 : [various excerpts, partially blank].</subfield></datafield><datafield tag="505" ind1="0" ind2=" "><subfield code="a">2. p.10-p.20 : [blank].</subfield></datafield><datafield tag="505" ind1="0" ind2=" "><subfield code="a">1. p.1-p.9 : [contents listing and various excerpts, partially blank].</subfield></datafield><datafield tag="510" ind1="4" ind2=" "><subfield code="a">Brockelmann, C. GAL,</subfield><subfield code="c">I 420 ff. ; S I 752</subfield></datafield><datafield tag="510" ind1="4" ind2=" "><subfield code="a">Brockelmann, C. GAL,</subfield><subfield code="c">II 216 ; S II 305</subfield></datafield><datafield tag="510" ind1="4" ind2=" "><subfield code="a">Brockelmann, C. GAL,</subfield><subfield code="c">S II 664</subfield></datafield><datafield tag="520" ind1="8" ind2=" "><subfield code="a">Collective volume (majmūʻah / mecmua) with a clear copy of Risālat al-basmalah, or Khazāʼin al-jawāhir wa-makhāzin al-zawāhir, by Muḥammad ibn Muṣṭafá al-Khādimī (d.1762), accompanied by a few other mainly Sufi texts and assorted excerpts, with many leaves of the codex left blank.</subfield></datafield><datafield tag="538" ind1=" " ind2=" "><subfield code="a">Mode of access: Internet.</subfield></datafield><datafield tag="541" ind1=" " ind2=" "><subfield code="c">Purchase ;</subfield><subfield code="a">Acquired by purchase along with Abdul Hamid Collection (funds donated by Horace Rackham).</subfield><subfield code="d">1924.</subfield></datafield><datafield tag="546" ind1=" " ind2=" "><subfield code="a">Arabic and Ottoman Turkish.</subfield></datafield><datafield tag="561" ind1=" " ind2=" "><subfield code="a">Bookplate of British Museum, London on interior of upper cover, "British Museum, London. No. 101. Treatise on the Bismillah." ; circular seal impression with figure of goat/gazelle in purple ink as well as inscription "398" in Western numerals on recto of opening leaf (p.1) ; circular waqf-seal impression in black ink appears on recto of opening leaf (p.1) and several places throughout, reads: "هذا وقف الراجي فيض الصمدي الشيخ احمد ضيا الدين ابن مصطفى الخالدي فمن بدله بعد ما سمعه فانما اثمه على الذين يبدلونه" in name of Aḥmad Ḍiyāʼ al-Dīn ibn Muṣṭafá al-Khālidī (i.e. Ahmed Ziyâüddîn Gümüşhanevî, d. 1893 or 4) ; occasional interlinear and marginal corrections.</subfield></datafield><datafield tag="600" ind1="0" ind2="0"><subfield code="a">Ghazzālī,</subfield><subfield code="d">1058-1111.</subfield><subfield code="t">Ayyuhā al-walad.</subfield></datafield><datafield tag="600" ind1="0" ind2="0"><subfield code="a">Ghazzālī,</subfield><subfield code="d">1058-1111.</subfield><subfield code="t">Jannat al-asmāʼ.</subfield></datafield><datafield tag="650" ind1=" " ind2="0"><subfield code="a">Manuscripts, Arabic</subfield><subfield code="z">Michigan</subfield><subfield code="z">Ann Arbor.</subfield></datafield><datafield tag="650" ind1=" " ind2="0"><subfield code="a">Islamic magic</subfield><subfield code="v">Early works to 1800.</subfield></datafield><datafield tag="650" ind1=" " ind2="0"><subfield code="a">Arabic alphabet</subfield><subfield code="x">Symbolic aspects</subfield><subfield code="v">Early works to 1800.</subfield></datafield><datafield tag="650" ind1=" " ind2="0"><subfield code="a">Islam</subfield><subfield code="v">Terminology</subfield><subfield code="v">Early works to 1800.</subfield></datafield><datafield tag="650" ind1=" " ind2="0"><subfield code="a">Islamic philosophy</subfield><subfield code="v">Dictionaries</subfield><subfield code="v">Early works to 1800.</subfield></datafield><datafield tag="650" ind1=" " ind2="0"><subfield code="a">Sufism</subfield><subfield code="v">Dictionaries</subfield><subfield code="v">Early works to 1800.</subfield></datafield><datafield tag="650" ind1=" " ind2="0"><subfield code="a">Sufism</subfield><subfield code="x">Doctrines</subfield><subfield code="v">Early works to 1800.</subfield></datafield><datafield tag="650" ind1=" " ind2="0"><subfield code="a">God (Islam)</subfield><subfield code="x">Name</subfield><subfield code="v">Early works to 1800.</subfield></datafield><datafield tag="650" ind1=" " ind2="0"><subfield code="a">Basmalah</subfield><subfield code="x">Doctrines</subfield><subfield code="v">Early works to 1800.</subfield></datafield><datafield tag="700" ind1="0" ind2="2"><subfield code="6">880-11</subfield><subfield code="a">Khādimī, Muḥammad ibn Muṣṭafá,</subfield><subfield code="d">1701 or2-1762 or 3.</subfield><subfield code="t">Sharḥ Ayyuhā al-walad.</subfield></datafield><datafield tag="700" ind1="1" ind2="2"><subfield code="6">880-07</subfield><subfield code="a">Jurjānī, ʻAlī ibn Muḥammad,</subfield><subfield code="c">al-Sayyid al-Sharīf,</subfield><subfield code="d">1340-1413.</subfield><subfield code="t">Taʻrīfāt.</subfield></datafield><datafield tag="700" ind1="0" ind2=" "><subfield code="6">880-05</subfield><subfield code="a">Mehmet Memiş Osmanzade,</subfield><subfield code="d">fl. 1806,</subfield><subfield code="e">scribe.</subfield></datafield><datafield tag="740" ind1="0" ind2="2"><subfield code="6">880-12</subfield><subfield code="a">Sharḥ al-amthilah</subfield></datafield><datafield tag="740" ind1="0" ind2="2"><subfield code="6">880-09</subfield><subfield code="a">Şerh-i Cennetü'l-asma</subfield></datafield><datafield tag="740" ind1="0" ind2="2"><subfield code="6">880-08</subfield><subfield code="a">Risalat Tartīb al-istiʻārah</subfield></datafield><datafield tag="740" ind1="0" ind2="2"><subfield code="a">رسالۀ مقدمة</subfield></datafield><datafield tag="740" ind1="0" ind2="2"><subfield code="6">880-06</subfield><subfield code="a">Risālah fī bayān muqaddimāt al-ʻulūm</subfield></datafield><datafield tag="740" ind1="0" ind2="2"><subfield code="6">880-04</subfield><subfield code="a">Khazāʼin al-jawāhir wa-makhāzin al-zawāhir</subfield></datafield><datafield tag="773" ind1="0" ind2=" "><subfield code="a">Tiflis Collection.</subfield></datafield><datafield tag="880" ind1="0" ind2="2"><subfield code="6">740-12/</subfield><subfield code="a">شرح الامثلة</subfield></datafield><datafield tag="880" ind1="0" ind2="2"><subfield code="6">700-11/</subfield><subfield code="a">خادمي، محمد بن مصطفى.</subfield><subfield code="t">شرح ايها الولد.</subfield></datafield><datafield tag="880" ind1="0" ind2="2"><subfield code="6">740-09/</subfield><subfield code="a">شرح جنت الاسماء</subfield></datafield><datafield tag="880" ind1="0" ind2="2"><subfield code="6">740-08/</subfield><subfield code="a">رسالة ترتيب الاستعارة</subfield></datafield><datafield tag="880" ind1="1" ind2="2"><subfield code="6">700-07/</subfield><subfield code="a">جرجاني، علي بن محمد،</subfield><subfield code="a">السيد الشريف.</subfield><subfield code="t">تعريفات.</subfield></datafield><datafield tag="880" ind1="0" ind2="2"><subfield code="6">740-06/</subfield><subfield code="a">رسالة في بيان مقدمات العلوم</subfield></datafield><datafield tag="880" ind1="0" ind2=" "><subfield code="6">700-05/</subfield><subfield code="a">محمد بن ممش بن عثمان زاده،</subfield><subfield code="e">ناسخ.</subfield></datafield><datafield tag="880" ind1="0" ind2="2"><subfield code="6">740-04/</subfield><subfield code="a">خزائن الجواهر ومخازن الزواهر</subfield></datafield><datafield tag="880" ind1="1" ind2="0"><subfield code="6">245-02/</subfield><subfield code="a">[رسالة البسملة ... الخ,</subfield><subfield code="f">القرن 18 و 19م].</subfield></datafield><datafield tag="880" ind1="1" ind2=" "><subfield code="6">100-01/</subfield><subfield code="a">خادمي، محمد بن مصطفى.</subfield></datafield><datafield tag="CID" ind1=" " ind2=" "><subfield code="a">005989448</subfield></datafield><datafield tag="DAT" ind1="0" ind2=" "><subfield code="a">20190719102634.0</subfield><subfield code="b">20190719000000.0</subfield></datafield><datafield tag="DAT" ind1="1" ind2=" "><subfield code="a">20190719090653.0</subfield><subfield code="b">2019-07-19T16:11:08Z</subfield></datafield><datafield tag="DAT" ind1="2" ind2=" "><subfield code="a">2015-10-10T18:00:06Z</subfield></datafield><datafield tag="CAT" ind1=" " ind2=" "><subfield code="a">SDR-MIU</subfield><subfield code="d">EX LIBRIS - ALEPH</subfield><subfield code="l">prepare.pl-004-008</subfield></datafield><datafield tag="FMT" ind1=" " ind2=" "><subfield code="a">BK</subfield></datafield><datafield tag="HOL" ind1=" " ind2=" "><subfield code="0">sdr-miu005989448</subfield><subfield code="a">MiU</subfield><subfield code="b">SDR</subfield><subfield code="c">MIU</subfield><subfield code="p">mdp.39015079105410</subfield><subfield code="s">MIU</subfield><subfield code="1">005989448</subfield></datafield><datafield tag="974" ind1=" " ind2=" "><subfield code="b">MIU</subfield><subfield code="c">MIU</subfield><subfield code="d">20190719</subfield><subfield code="s">lit-dlps-dc</subfield><subfield code="u">mdp.39015079105410</subfield><subfield code="y">1806</subfield><subfield code="r">pd</subfield><subfield code="q">bib</subfield><subfield code="t">non-US bib date2, date type m &lt; 1879</subfield></datafield></record></collection>